@article{mazetograph,
author = {Williams, Hollis},
year = {2020},
month = {08},
pages = {},
title = {The Mathematics of Mazes}
}
@article{bug,
	author = "Shokaku, Takaharu and Moriyama, Toru and Murakami, Hisashi and Shinohara, Shuji and Manome, Nobuhito and Morioka, Kazuyuki",
	title = "Development of an automatic turntable-type multiple T-maze device and observation of pill bug behavior",
	journal = "Rev Sci Instrum",
	volume = "91",
	number = "10",
	pages = "104104",
	year = "2020",
	doi = "https://doi.org/10.1063/5.0009531",
	keyword = "physiks"
}
@book{maze,
	author = "Jamis, Buck",
	title = "Mazes for Programmers",
	subtitle = "Code Your Own Twisty Little Passages",
	location = "Raleigh",
	publisher = "Pragmatic Bookshelf",
	year = "2015",
	pages = "158-163",
	isbn = "978-68050-055-4",

}
@online{mazelib,
	author = {John Stilley},
	title = {Mazelib},
	url = {https://github.com/john-science/mazelib},
	urldate = {2023-09-29}
}
@article{perfect_maze,
	author = "Victor, Bellot and Maxime, Cautr√®s and Jean-Marie, Favreau and Milan, Gonzalez-Thauvin and Pascal, Lafourcade and
et al..",
	title = "How to Generate Perfect Mazes?",
	journal = "Information Sciences",
	volume = "10.1016",
	year = "2021",
	keyword = "physiks"
}
